<record xmlns="http://www.loc.gov/MARC21/slim" xmlns:xsi="http://www.w3.org/2001/XMLSchema-instance" xsi:schemaLocation="http://www.loc.gov/MARC21/slim http://www.loc.gov/standards/marcxml/schema/MARC21slim.xsd"><leader>02108cz   2200301n  4500</leader><controlfield tag="001">oca03856659 </controlfield><controlfield tag="005">20001103070309.0</controlfield><controlfield tag="008">950609n| acannaabn          |a aaa     c</controlfield><datafield ind1=" " ind2=" " tag="010"><subfield code="a">nr 95021465 </subfield></datafield><datafield ind1=" " ind2=" " tag="040"><subfield code="a">NNC</subfield><subfield code="b">eng</subfield><subfield code="c">NNC</subfield><subfield code="d">OCoLC</subfield></datafield><datafield ind1="1" ind2=" " tag="100"><subfield code="a">Lentulus Gaetulicus, Cn. Cornelius</subfield><subfield code="q">(Cneius Cornelius),</subfield><subfield code="d">d. 39</subfield></datafield><datafield ind1="1" ind2=" " tag="400"><subfield code="a">Cornelius Lentulus Gaetulicus, Cn.</subfield><subfield code="q">(Cneius),</subfield><subfield code="d">d. 39</subfield></datafield><datafield ind1="1" ind2=" " tag="400"><subfield code="a">Cornelius Lentulus Gaetulicus, Cneius,</subfield><subfield code="d">d. 39</subfield></datafield><datafield ind1="1" ind2=" " tag="400"><subfield code="a">Cornelius Lentulus Gaetulicus, Gnaeus,</subfield><subfield code="d">d. 39</subfield></datafield><datafield ind1="1" ind2=" " tag="400"><subfield code="a">Lentulus Gaetulicus, Cneius Cornelius,</subfield><subfield code="d">d. 39</subfield></datafield><datafield ind1="1" ind2=" " tag="400"><subfield code="a">Lentulus Gaetulicus, Gnaeus Cornelius,</subfield><subfield code="d">d. 39</subfield></datafield><datafield ind1="1" ind2=" " tag="400"><subfield code="a">Gaetulicus, Cn. Cornelius Lentulus</subfield><subfield code="q">(Cneius Cornelius Lentulus),</subfield><subfield code="d">d. 39</subfield></datafield><datafield ind1="1" ind2=" " tag="400"><subfield code="a">Gaetulicus, Cneius Cornelius Lentulus,</subfield><subfield code="d">d. 39</subfield></datafield><datafield ind1="1" ind2=" " tag="400"><subfield code="a">Gaetulicus, Gnaeus Cornelius Lentulus,</subfield><subfield code="d">d. 39</subfield></datafield><datafield ind1="0" ind2=" " tag="400"><subfield code="a">Gaetulicus,</subfield><subfield code="d">d. 39</subfield></datafield><datafield ind1="0" ind2=" " tag="400"><subfield code="a">Lentulus Gaetulicus,</subfield><subfield code="d">d.39</subfield></datafield><datafield ind1=" " ind2=" " tag="670"><subfield code="a">His Carmen [CF] 1991:</subfield><subfield code="b">PHI CD ROM #5.3, Latin Canon, bibliographic screen (Cn. Cornelius Lentulus Gaetulicus)</subfield></datafield><datafield ind1=" " ind2=" " tag="670"><subfield code="a">Oxford class. dict., 1st ed.:</subfield><subfield code="b">p. 494 (Lentulus Gaetulicus, Gnaeus Cornelius; consul in 26 A.D. and legate of Upper Germany; executed by the emperor Gaius (Caligula) in 39)</subfield></datafield><datafield ind1=" " ind2=" " tag="670"><subfield code="a">Who was who in the Roman world, 1980:</subfield><subfield code="b">(Lentulus Gaetulicus, Gnaeus Cornelius; executed 39 A.D.)</subfield></datafield><datafield ind1=" " ind2=" " tag="670"><subfield code="a">A Dictionary of Greek and Roman biography and mythology, 1967:</subfield><subfield code="b">v. 2, p. 733, "Lentulus", #41 (Cn. Cornelius Cossi f. Cn. n. Lentulus Gaetulicus)</subfield></datafield><datafield ind1=" " ind2=" " tag="670"><subfield code="a">Pauly-Wissowa:</subfield><subfield code="b">7. Halbbd. col. 1384-1386, "Cornelius", #220 (Cn. Cornelius, Cossi filius, Lentulus Gaetulicus; consul in 26 A.D.; executed in 39. The name is given nowhere in a full form: Cn. Lentulus Gaetulicus; Cn. Cornelius Gaetulicus; Lentulus Gaetulicus; Cn. [Lentulus or Gaetulicus]; Cn. Gaetulicus; otherwise mostly Gaetulicus)</subfield></datafield><datafield ind1=" " ind2=" " tag="670"><subfield code="a">IBN, Index bio-bibliographicus notorum hominum:</subfield><subfield code="b">pars C, p. 839 (Cornelius Lentulus Gaetulicus, Cneius; or Gaetulicus; or Lentulus Gaetulicus (citing Pauly-Wissowa)</subfield></datafield><datafield ind1=" " ind2=" " tag="670"><subfield code="a">The Fragmentary Latin poetus. 1993:</subfield><subfield code="b">p. 345-346 (Cn. Cornelius Lentulus Gaetulicus)</subfield></datafield></record>